<?xml version="1.0" encoding="UTF-8"?><collection xmlns="http://www.loc.gov/MARC21/slim"><record><leader>00726nam--2200193-i-4500</leader><controlfield tag="001">000014691</controlfield><controlfield tag="002">20161230</controlfield><controlfield tag="005">20161230201031</controlfield><controlfield tag="008">060222s1000------------r-----000-0-eng-d</controlfield><datafield ind1=" " ind2=" " tag="040"><subfield code="a">IFIN-HH</subfield></datafield><datafield ind1=" " ind2=" " tag="080"><subfield code="a">538.95:537.222.22:621.318.592</subfield></datafield><datafield ind1="1" ind2=" " tag="100"><subfield code="a">Desirant, M</subfield></datafield><datafield ind1="1" ind2="0" tag="245"><subfield code="a">Solid state physics in electronics and telecommunications. proceedings of an international conference held in brussels, june 2-7, 1958</subfield><subfield code="b">Volume 4. magnetic and optical properties. part 2</subfield><subfield code="c">M. desirant, j.l. michiels (eds.)</subfield></datafield><datafield ind1=" " ind2=" " tag="260"><subfield code="a">London</subfield><subfield code="b">Academic Press</subfield><subfield code="c">1960</subfield></datafield><datafield ind1=" " ind2=" " tag="300"><subfield code="a">XVI+/559P./963P</subfield></datafield><datafield ind1=" " ind2=" " tag="490"><subfield code="a">International Union Of Pure And Applied Physics</subfield></datafield><datafield ind1="1" ind2=" " tag="700"><subfield code="a">Michiels, J.L</subfield><subfield code="e">Ed</subfield></datafield><datafield ind1=" " ind2=" " tag="852"><subfield code="a">13456</subfield><subfield code="c">539.2</subfield></datafield><datafield ind1=" " ind2=" " tag="CAT"><subfield code="a">Sys</subfield><subfield code="c">20121003</subfield><subfield code="h">130441</subfield></datafield></record></collection>